<record>
  <leader>00966nem a2200265 a 4500</leader>
  <controlfield tag="001">991000096359702696</controlfield>
  <controlfield tag="005">20170312152818.0</controlfield>
  <controlfield tag="008">051118s1935    xx        b  or 1   eng c</controlfield>
  <datafield tag="035" ind1=" " ind2=" ">
    <subfield code="a">(IL-JeALB)10236-972ai_inst</subfield>
  </datafield>
  <datafield tag="035" ind1=" " ind2=" ">
    <subfield code="a">10236</subfield>
    <subfield code="9">ExL</subfield>
  </datafield>
  <datafield tag="035" ind1=" " ind2=" ">
    <subfield code="a">map00000006</subfield>
  </datafield>
  <datafield tag="110" ind1="1" ind2=" ">
    <subfield code="a">Lands &amp; Surveys, Palestine</subfield>
  </datafield>
  <datafield tag="245" ind1="1" ind2="0">
    <subfield code="a">Survey of Palestine 1:100,000.</subfield>
    <subfield code="h">[map]</subfield>
  </datafield>
  <datafield tag="255" ind1=" " ind2=" ">
    <subfield code="a">Scale 1:100,000.</subfield>
  </datafield>
  <datafield tag="260" ind1=" " ind2=" ">
    <subfield code="b">Lands &amp; Surveys, Palestine,</subfield>
    <subfield code="c">1935.</subfield>
  </datafield>
  <datafield tag="300" ind1=" " ind2=" ">
    <subfield code="a">1 map on 3 sheets ;</subfield>
    <subfield code="c">67 x 37 cm. on sheet 76 x 41 cm., and 46 x 51 cm. on 2 sheets 57 x 56 cm.</subfield>
  </datafield>
  <datafield tag="505" ind1="1" ind2=" ">
    <subfield code="a">Sheets: 2. Safed -- 7. Jaffa Tel Aviv -- 8. Jerusalem.</subfield>
  </datafield>
  <datafield tag="506" ind1=" " ind2=" ">
    <subfield code="a">May require conservation work before use.</subfield>
  </datafield>
  <datafield tag="651" ind1=" " ind2="0">
    <subfield code="a">Asia</subfield>
    <subfield code="z">Middle East</subfield>
    <subfield code="z">Palestine</subfield>
    <subfield code="v">Maps.</subfield>
  </datafield>
  <datafield tag="700" ind1="1" ind2=" ">
    <subfield code="a">Salmon, F J</subfield>
    <subfield code="e">, editor</subfield>
  </datafield>
  <datafield tag="720" ind1="2" ind2=" ">
    <subfield code="a">Survey of Palestine</subfield>
    <subfield code="e">, printer.</subfield>
  </datafield>
  <datafield tag="913" ind1=" " ind2=" ">
    <subfield code="1">15</subfield>
    <subfield code="2">Publisher</subfield>
    <subfield code="3">Printer</subfield>
    <subfield code="5">Uncertain</subfield>
    <subfield code="6">Full</subfield>
  </datafield>
  <datafield tag="949" ind1=" " ind2=" ">
    <subfield code="a">MAPS 22-35-2,-7,-8</subfield>
  </datafield>
  <datafield tag="951" ind1=" " ind2=" ">
    <subfield code="a">93 (sheet 2), 95 (sheet 7), 184 (sheet 8).</subfield>
  </datafield>
  <datafield tag="999" ind1=" " ind2=" ">
    <subfield code="a">MAP</subfield>
  </datafield>
</record>
